<record><leader>00000cas a2200000 i 4500</leader><controlfield tag="001">904057935</controlfield><controlfield tag="006">m     o  d        </controlfield><controlfield tag="007">cr |||||||||||</controlfield><controlfield tag="008">150226d18711872iludn neo     0   a0eng  </controlfield><datafield ind1=" " ind2=" " tag="010"><subfield code="a">  2015218560</subfield></datafield><datafield ind1=" " ind2=" " tag="040"><subfield code="a">DLC</subfield><subfield code="b">eng</subfield><subfield code="e">rda</subfield><subfield code="c">DLC</subfield><subfield code="d">DLC</subfield><subfield code="d">NVF</subfield><subfield code="d">DLC</subfield></datafield><datafield ind1="0" ind2=" " tag="022"><subfield code="a">2377-6072</subfield><subfield code="2">1</subfield></datafield><datafield ind1=" " ind2=" " tag="042"><subfield code="a">pcc</subfield><subfield code="a">nsdp</subfield></datafield><datafield ind1=" " ind2=" " tag="043"><subfield code="a">n-us-il</subfield></datafield><datafield ind1="1" ind2="0" tag="050"><subfield code="a">ISSN RECORD</subfield></datafield><datafield ind1="0" ind2="0" tag="082"><subfield code="a">071</subfield><subfield code="2">23</subfield></datafield><datafield ind1="0" ind2=" " tag="130"><subfield code="a">Rock Island Argus (Rock Island, Ill. : 1871)</subfield></datafield><datafield ind1=" " ind2="0" tag="222"><subfield code="a">Rock Island Argus</subfield><subfield code="b">(Rock Island, Ill. 1871. Online)</subfield></datafield><datafield ind1="1" ind2="0" tag="245"><subfield code="a">Rock Island Argus.</subfield></datafield><datafield ind1="1" ind2=" " tag="246"><subfield code="i">Publisher's box:</subfield><subfield code="a">Daily Argus</subfield></datafield><datafield ind1=" " ind2="1" tag="264"><subfield code="a">Rock Island, Illinois :</subfield><subfield code="b">Argus Printing Comp'y,</subfield><subfield code="c">1871-1872.</subfield></datafield><datafield ind1=" " ind2=" " tag="300"><subfield code="a">1 online resource</subfield></datafield><datafield ind1=" " ind2=" " tag="310"><subfield code="a">Daily (except Sunday and holidays)</subfield></datafield><datafield ind1=" " ind2=" " tag="336"><subfield code="a">text</subfield><subfield code="b">txt</subfield><subfield code="2">rdacontent</subfield></datafield><datafield ind1=" " ind2=" " tag="337"><subfield code="a">computer</subfield><subfield code="b">c</subfield><subfield code="2">rdamedia</subfield></datafield><datafield ind1=" " ind2=" " tag="338"><subfield code="a">online resource</subfield><subfield code="b">cr</subfield><subfield code="2">rdacarrier</subfield></datafield><datafield ind1="1" ind2=" " tag="362"><subfield code="a">Began with twentieth year (June 19, 1871); ceased with twenty-second year (November 27, 1872).</subfield></datafield><datafield ind1=" " ind2=" " tag="515"><subfield code="a">Continues the numbering of Evening Argus (Rock Island, Ill.).</subfield></datafield><datafield ind1=" " ind2=" " tag="525"><subfield code="a">Issues for Nov. 11, 1871, Dec. 5, 1871, and July 26, 1872 include supplements.</subfield></datafield><datafield ind1=" " ind2=" " tag="530"><subfield code="a">Originally issued in print.</subfield></datafield><datafield ind1=" " ind2=" " tag="588"><subfield code="a">Description based on: Twentieth year (June 19, 1871); title from masthead (Chroniclingamerica.loc.gov, viewed February 26, 2015).</subfield></datafield><datafield ind1=" " ind2=" " tag="588"><subfield code="a">Latest issue consulted: Twenty-second year (November 27, 1872) (Chroniclingamerica.loc.gov, viewed February 26, 2015).</subfield></datafield><datafield ind1=" " ind2="0" tag="651"><subfield code="a">Rock Island (Ill.)</subfield><subfield code="v">Newspapers.</subfield></datafield><datafield ind1=" " ind2="7" tag="651"><subfield code="a">Illinois</subfield><subfield code="z">Rock Island.</subfield><subfield code="2">fast</subfield><subfield code="0">(OCoLC)fst01206059</subfield></datafield><datafield ind1=" " ind2="7" tag="655"><subfield code="a">Newspapers.</subfield><subfield code="2">fast</subfield><subfield code="0">(OCoLC)fst01423814</subfield></datafield><datafield ind1=" " ind2=" " tag="752"><subfield code="a">United States</subfield><subfield code="b">Illinois</subfield><subfield code="c">Rock Island</subfield><subfield code="d">Rock Island.</subfield></datafield><datafield ind1="0" ind2=" " tag="775"><subfield code="t">Rock Island weekly Argus</subfield></datafield><datafield ind1="0" ind2="8" tag="776"><subfield code="i">Print verstion:</subfield><subfield code="t">Rock Island Argus (Rock Island, Ill. : 1871)</subfield><subfield code="x">2377-6064</subfield><subfield code="w">(DLC)sn 92053941</subfield><subfield code="w">(OCoLC)26846109</subfield></datafield><datafield ind1="0" ind2="0" tag="780"><subfield code="t">Evening Argus (Rock Island, Ill.)</subfield><subfield code="x">2375-205X</subfield><subfield code="w">(DLC)  2014218620</subfield><subfield code="w">(OCoLC)891775150</subfield></datafield><datafield ind1="0" ind2="0" tag="785"><subfield code="t">Rock Island daily argus (Rock Island, Ill. : 1872)</subfield><subfield code="x">2377-701X</subfield><subfield code="w">(DLC)  2015218562</subfield><subfield code="w">(OCoLC)904334139</subfield></datafield><datafield ind1="4" ind2="0" tag="856"><subfield code="u">http://www.loc.gov/chroniclingamerica/lccn/sn92053941/issues</subfield></datafield></record>